%YAML 1.1
%TAG !u! tag:unity3d.com,2011:
--- !u!1 &3001642768504469211
GameObject:
  m_ObjectHideFlags: 0
  m_CorrespondingSourceObject: {fileID: 0}
  m_PrefabInstance: {fileID: 0}
  m_PrefabAsset: {fileID: 0}
  serializedVersion: 6
  m_Component:
  - component: {fileID: 3001642768504469210}
  - component: {fileID: 3001642768504469209}
  m_Layer: 0
  m_Name: Level
  m_TagString: Untagged
  m_Icon: {fileID: 0}
  m_NavMeshLayer: 0
  m_StaticEditorFlags: 0
  m_IsActive: 1
--- !u!4 &3001642768504469210
Transform:
  m_ObjectHideFlags: 0
  m_CorrespondingSourceObject: {fileID: 0}
  m_PrefabInstance: {fileID: 0}
  m_PrefabAsset: {fileID: 0}
  m_GameObject: {fileID: 3001642768504469211}
  m_LocalRotation: {x: 0, y: 0, z: 0, w: 1}
  m_LocalPosition: {x: 0.0022586957, y: 0.00015577232, z: -0.08257368}
  m_LocalScale: {x: 1, y: 1, z: 1}
  m_Children:
  - {fileID: 3001642768539677659}
  - {fileID: 1368513005489453179}
  - {fileID: 1368513004031440607}
  - {fileID: 5404971346584672955}
  - {fileID: 2782179879842869908}
  - {fileID: 7428647472135085508}
  - {fileID: 7353812289520747391}
  - {fileID: 7213297175523004190}
  - {fileID: 4745564408896520891}
  - {fileID: 8966497589800240732}
  - {fileID: 2175373388853634786}
  m_Father: {fileID: 0}
  m_RootOrder: 0
  m_LocalEulerAnglesHint: {x: 0, y: 0, z: 0}
--- !u!114 &3001642768504469209
MonoBehaviour:
  m_ObjectHideFlags: 0
  m_CorrespondingSourceObject: {fileID: 0}
  m_PrefabInstance: {fileID: 0}
  m_PrefabAsset: {fileID: 0}
  m_GameObject: {fileID: 3001642768504469211}
  m_Enabled: 1
  m_EditorHideFlags: 0
  m_Script: {fileID: 11500000, guid: 17750faeb4a0c7d458cda1b57ec64601, type: 3}
  m_Name: 
  m_EditorClassIdentifier: 
--- !u!1 &3001642768539677660
GameObject:
  m_ObjectHideFlags: 0
  m_CorrespondingSourceObject: {fileID: 0}
  m_PrefabInstance: {fileID: 0}
  m_PrefabAsset: {fileID: 0}
  serializedVersion: 6
  m_Component:
  - component: {fileID: 3001642768539677659}
  - component: {fileID: 3001642768539677658}
  m_Layer: 0
  m_Name: BG
  m_TagString: Untagged
  m_Icon: {fileID: 0}
  m_NavMeshLayer: 0
  m_StaticEditorFlags: 0
  m_IsActive: 1
--- !u!4 &3001642768539677659
Transform:
  m_ObjectHideFlags: 0
  m_CorrespondingSourceObject: {fileID: 0}
  m_PrefabInstance: {fileID: 0}
  m_PrefabAsset: {fileID: 0}
  m_GameObject: {fileID: 3001642768539677660}
  m_LocalRotation: {x: 0, y: 0, z: 0, w: 1}
  m_LocalPosition: {x: -0.00000037439, y: 1.63, z: 0}
  m_LocalScale: {x: 0.051569086, y: 0.051569086, z: 0.051569086}
  m_Children: []
  m_Father: {fileID: 3001642768504469210}
  m_RootOrder: 0
  m_LocalEulerAnglesHint: {x: 0, y: 0, z: 0}
--- !u!212 &3001642768539677658
SpriteRenderer:
  m_ObjectHideFlags: 0
  m_CorrespondingSourceObject: {fileID: 0}
  m_PrefabInstance: {fileID: 0}
  m_PrefabAsset: {fileID: 0}
  m_GameObject: {fileID: 3001642768539677660}
  m_Enabled: 1
  m_CastShadows: 0
  m_ReceiveShadows: 0
  m_DynamicOccludee: 1
  m_MotionVectors: 1
  m_LightProbeUsage: 1
  m_ReflectionProbeUsage: 1
  m_RayTracingMode: 0
  m_RenderingLayerMask: 1
  m_RendererPriority: 0
  m_Materials:
  - {fileID: 10754, guid: 0000000000000000f000000000000000, type: 0}
  m_StaticBatchInfo:
    firstSubMesh: 0
    subMeshCount: 0
  m_StaticBatchRoot: {fileID: 0}
  m_ProbeAnchor: {fileID: 0}
  m_LightProbeVolumeOverride: {fileID: 0}
  m_ScaleInLightmap: 1
  m_ReceiveGI: 1
  m_PreserveUVs: 0
  m_IgnoreNormalsForChartDetection: 0
  m_ImportantGI: 0
  m_StitchLightmapSeams: 1
  m_SelectedEditorRenderState: 0
  m_MinimumChartSize: 4
  m_AutoUVMaxDistance: 0.5
  m_AutoUVMaxAngle: 89
  m_LightmapParameters: {fileID: 0}
  m_SortingLayerID: 0
  m_SortingLayer: 0
  m_SortingOrder: 0
  m_Sprite: {fileID: 21300000, guid: e661ee73a8cc747488f13551c91cc766, type: 3}
  m_Color: {r: 1, g: 1, b: 1, a: 1}
  m_FlipX: 0
  m_FlipY: 0
  m_DrawMode: 0
  m_Size: {x: 109.009995, y: 141.7476}
  m_AdaptiveModeThreshold: 0.5
  m_SpriteTileMode: 0
  m_WasSpriteAssigned: 1
  m_MaskInteraction: 0
  m_SpriteSortPoint: 0
--- !u!1001 &2145504244720449099
PrefabInstance:
  m_ObjectHideFlags: 0
  serializedVersion: 2
  m_Modification:
    m_TransformParent: {fileID: 3001642768504469210}
    m_Modifications:
    - target: {fileID: 4276754308636230848, guid: fed9aad16bc44d1478a1a463f0d8948e,
        type: 3}
      propertyPath: m_Sprite
      value: 
      objectReference: {fileID: 21300000, guid: 3e7309706a9f2412f8ccc6a973694aa0,
        type: 3}
    - target: {fileID: 4276754308636230849, guid: fed9aad16bc44d1478a1a463f0d8948e,
        type: 3}
      propertyPath: _name
      value: 3
      objectReference: {fileID: 0}
    - target: {fileID: 4276754308636230850, guid: fed9aad16bc44d1478a1a463f0d8948e,
        type: 3}
      propertyPath: m_SpriteTilingProperty.oldSize.x
      value: 15.3
      objectReference: {fileID: 0}
    - target: {fileID: 4276754308636230850, guid: fed9aad16bc44d1478a1a463f0d8948e,
        type: 3}
      propertyPath: m_SpriteTilingProperty.oldSize.y
      value: 7.61
      objectReference: {fileID: 0}
    - target: {fileID: 4276754308636230851, guid: fed9aad16bc44d1478a1a463f0d8948e,
        type: 3}
      propertyPath: m_Name
      value: Item (4)
      objectReference: {fileID: 0}
    - target: {fileID: 4276754308636230851, guid: fed9aad16bc44d1478a1a463f0d8948e,
        type: 3}
      propertyPath: m_IsActive
      value: 1
      objectReference: {fileID: 0}
    - target: {fileID: 4276754308636230879, guid: fed9aad16bc44d1478a1a463f0d8948e,
        type: 3}
      propertyPath: m_RootOrder
      value: 4
      objectReference: {fileID: 0}
    - target: {fileID: 4276754308636230879, guid: fed9aad16bc44d1478a1a463f0d8948e,
        type: 3}
      propertyPath: m_LocalScale.x
      value: 0.036445774
      objectReference: {fileID: 0}
    - target: {fileID: 4276754308636230879, guid: fed9aad16bc44d1478a1a463f0d8948e,
        type: 3}
      propertyPath: m_LocalScale.y
      value: 0.04017941
      objectReference: {fileID: 0}
    - target: {fileID: 4276754308636230879, guid: fed9aad16bc44d1478a1a463f0d8948e,
        type: 3}
      propertyPath: m_LocalPosition.x
      value: 2.468
      objectReference: {fileID: 0}
    - target: {fileID: 4276754308636230879, guid: fed9aad16bc44d1478a1a463f0d8948e,
        type: 3}
      propertyPath: m_LocalPosition.y
      value: 1.9813
      objectReference: {fileID: 0}
    - target: {fileID: 4276754308636230879, guid: fed9aad16bc44d1478a1a463f0d8948e,
        type: 3}
      propertyPath: m_LocalPosition.z
      value: 0
      objectReference: {fileID: 0}
    - target: {fileID: 4276754308636230879, guid: fed9aad16bc44d1478a1a463f0d8948e,
        type: 3}
      propertyPath: m_LocalRotation.w
      value: 1
      objectReference: {fileID: 0}
    - target: {fileID: 4276754308636230879, guid: fed9aad16bc44d1478a1a463f0d8948e,
        type: 3}
      propertyPath: m_LocalRotation.x
      value: 0
      objectReference: {fileID: 0}
    - target: {fileID: 4276754308636230879, guid: fed9aad16bc44d1478a1a463f0d8948e,
        type: 3}
      propertyPath: m_LocalRotation.y
      value: 0
      objectReference: {fileID: 0}
    - target: {fileID: 4276754308636230879, guid: fed9aad16bc44d1478a1a463f0d8948e,
        type: 3}
      propertyPath: m_LocalRotation.z
      value: 0
      objectReference: {fileID: 0}
    - target: {fileID: 4276754308636230879, guid: fed9aad16bc44d1478a1a463f0d8948e,
        type: 3}
      propertyPath: m_LocalEulerAnglesHint.x
      value: 0
      objectReference: {fileID: 0}
    - target: {fileID: 4276754308636230879, guid: fed9aad16bc44d1478a1a463f0d8948e,
        type: 3}
      propertyPath: m_LocalEulerAnglesHint.y
      value: 0
      objectReference: {fileID: 0}
    - target: {fileID: 4276754308636230879, guid: fed9aad16bc44d1478a1a463f0d8948e,
        type: 3}
      propertyPath: m_LocalEulerAnglesHint.z
      value: 0
      objectReference: {fileID: 0}
    m_RemovedComponents: []
  m_SourcePrefab: {fileID: 100100000, guid: fed9aad16bc44d1478a1a463f0d8948e, type: 3}
--- !u!4 &2782179879842869908 stripped
Transform:
  m_CorrespondingSourceObject: {fileID: 4276754308636230879, guid: fed9aad16bc44d1478a1a463f0d8948e,
    type: 3}
  m_PrefabInstance: {fileID: 2145504244720449099}
  m_PrefabAsset: {fileID: 0}
--- !u!1001 &2696090404550812221
PrefabInstance:
  m_ObjectHideFlags: 0
  serializedVersion: 2
  m_Modification:
    m_TransformParent: {fileID: 3001642768504469210}
    m_Modifications:
    - target: {fileID: 4276754308636230848, guid: fed9aad16bc44d1478a1a463f0d8948e,
        type: 3}
      propertyPath: m_Sprite
      value: 
      objectReference: {fileID: 21300000, guid: 55a01dd210c8c498b8d0a6487ac328b5,
        type: 3}
    - target: {fileID: 4276754308636230849, guid: fed9aad16bc44d1478a1a463f0d8948e,
        type: 3}
      propertyPath: _name
      value: 2
      objectReference: {fileID: 0}
    - target: {fileID: 4276754308636230850, guid: fed9aad16bc44d1478a1a463f0d8948e,
        type: 3}
      propertyPath: m_SpriteTilingProperty.oldSize.x
      value: 12.37
      objectReference: {fileID: 0}
    - target: {fileID: 4276754308636230850, guid: fed9aad16bc44d1478a1a463f0d8948e,
        type: 3}
      propertyPath: m_SpriteTilingProperty.oldSize.y
      value: 11.53
      objectReference: {fileID: 0}
    - target: {fileID: 4276754308636230851, guid: fed9aad16bc44d1478a1a463f0d8948e,
        type: 3}
      propertyPath: m_Name
      value: Item (11)
      objectReference: {fileID: 0}
    - target: {fileID: 4276754308636230851, guid: fed9aad16bc44d1478a1a463f0d8948e,
        type: 3}
      propertyPath: m_IsActive
      value: 1
      objectReference: {fileID: 0}
    - target: {fileID: 4276754308636230879, guid: fed9aad16bc44d1478a1a463f0d8948e,
        type: 3}
      propertyPath: m_RootOrder
      value: 10
      objectReference: {fileID: 0}
    - target: {fileID: 4276754308636230879, guid: fed9aad16bc44d1478a1a463f0d8948e,
        type: 3}
      propertyPath: m_LocalScale.x
      value: 0.035484947
      objectReference: {fileID: 0}
    - target: {fileID: 4276754308636230879, guid: fed9aad16bc44d1478a1a463f0d8948e,
        type: 3}
      propertyPath: m_LocalScale.y
      value: 0.03534726
      objectReference: {fileID: 0}
    - target: {fileID: 4276754308636230879, guid: fed9aad16bc44d1478a1a463f0d8948e,
        type: 3}
      propertyPath: m_LocalPosition.x
      value: 0.15
      objectReference: {fileID: 0}
    - target: {fileID: 4276754308636230879, guid: fed9aad16bc44d1478a1a463f0d8948e,
        type: 3}
      propertyPath: m_LocalPosition.y
      value: 0.51
      objectReference: {fileID: 0}
    - target: {fileID: 4276754308636230879, guid: fed9aad16bc44d1478a1a463f0d8948e,
        type: 3}
      propertyPath: m_LocalPosition.z
      value: 0
      objectReference: {fileID: 0}
    - target: {fileID: 4276754308636230879, guid: fed9aad16bc44d1478a1a463f0d8948e,
        type: 3}
      propertyPath: m_LocalRotation.w
      value: 1
      objectReference: {fileID: 0}
    - target: {fileID: 4276754308636230879, guid: fed9aad16bc44d1478a1a463f0d8948e,
        type: 3}
      propertyPath: m_LocalRotation.x
      value: 0
      objectReference: {fileID: 0}
    - target: {fileID: 4276754308636230879, guid: fed9aad16bc44d1478a1a463f0d8948e,
        type: 3}
      propertyPath: m_LocalRotation.y
      value: 0
      objectReference: {fileID: 0}
    - target: {fileID: 4276754308636230879, guid: fed9aad16bc44d1478a1a463f0d8948e,
        type: 3}
      propertyPath: m_LocalRotation.z
      value: 0
      objectReference: {fileID: 0}
    - target: {fileID: 4276754308636230879, guid: fed9aad16bc44d1478a1a463f0d8948e,
        type: 3}
      propertyPath: m_LocalEulerAnglesHint.x
      value: 0
      objectReference: {fileID: 0}
    - target: {fileID: 4276754308636230879, guid: fed9aad16bc44d1478a1a463f0d8948e,
        type: 3}
      propertyPath: m_LocalEulerAnglesHint.y
      value: 0
      objectReference: {fileID: 0}
    - target: {fileID: 4276754308636230879, guid: fed9aad16bc44d1478a1a463f0d8948e,
        type: 3}
      propertyPath: m_LocalEulerAnglesHint.z
      value: 0
      objectReference: {fileID: 0}
    m_RemovedComponents: []
  m_SourcePrefab: {fileID: 100100000, guid: fed9aad16bc44d1478a1a463f0d8948e, type: 3}
--- !u!4 &2175373388853634786 stripped
Transform:
  m_CorrespondingSourceObject: {fileID: 4276754308636230879, guid: fed9aad16bc44d1478a1a463f0d8948e,
    type: 3}
  m_PrefabInstance: {fileID: 2696090404550812221}
  m_PrefabAsset: {fileID: 0}
--- !u!1001 &3001642767296314532
PrefabInstance:
  m_ObjectHideFlags: 0
  serializedVersion: 2
  m_Modification:
    m_TransformParent: {fileID: 3001642768504469210}
    m_Modifications:
    - target: {fileID: 4276754308636230849, guid: fed9aad16bc44d1478a1a463f0d8948e,
        type: 3}
      propertyPath: _name
      value: 6
      objectReference: {fileID: 0}
    - target: {fileID: 4276754308636230851, guid: fed9aad16bc44d1478a1a463f0d8948e,
        type: 3}
      propertyPath: m_Name
      value: Item
      objectReference: {fileID: 0}
    - target: {fileID: 4276754308636230879, guid: fed9aad16bc44d1478a1a463f0d8948e,
        type: 3}
      propertyPath: m_RootOrder
      value: 1
      objectReference: {fileID: 0}
    - target: {fileID: 4276754308636230879, guid: fed9aad16bc44d1478a1a463f0d8948e,
        type: 3}
      propertyPath: m_LocalScale.x
      value: 0.05117941
      objectReference: {fileID: 0}
    - target: {fileID: 4276754308636230879, guid: fed9aad16bc44d1478a1a463f0d8948e,
        type: 3}
      propertyPath: m_LocalScale.y
      value: 0.05117941
      objectReference: {fileID: 0}
    - target: {fileID: 4276754308636230879, guid: fed9aad16bc44d1478a1a463f0d8948e,
        type: 3}
      propertyPath: m_LocalScale.z
      value: 0.05117941
      objectReference: {fileID: 0}
    - target: {fileID: 4276754308636230879, guid: fed9aad16bc44d1478a1a463f0d8948e,
        type: 3}
      propertyPath: m_LocalPosition.x
      value: -1.414
      objectReference: {fileID: 0}
    - target: {fileID: 4276754308636230879, guid: fed9aad16bc44d1478a1a463f0d8948e,
        type: 3}
      propertyPath: m_LocalPosition.y
      value: -0.021
      objectReference: {fileID: 0}
    - target: {fileID: 4276754308636230879, guid: fed9aad16bc44d1478a1a463f0d8948e,
        type: 3}
      propertyPath: m_LocalPosition.z
      value: -0.1
      objectReference: {fileID: 0}
    - target: {fileID: 4276754308636230879, guid: fed9aad16bc44d1478a1a463f0d8948e,
        type: 3}
      propertyPath: m_LocalRotation.w
      value: 1
      objectReference: {fileID: 0}
    - target: {fileID: 4276754308636230879, guid: fed9aad16bc44d1478a1a463f0d8948e,
        type: 3}
      propertyPath: m_LocalRotation.x
      value: 0
      objectReference: {fileID: 0}
    - target: {fileID: 4276754308636230879, guid: fed9aad16bc44d1478a1a463f0d8948e,
        type: 3}
      propertyPath: m_LocalRotation.y
      value: 0
      objectReference: {fileID: 0}
    - target: {fileID: 4276754308636230879, guid: fed9aad16bc44d1478a1a463f0d8948e,
        type: 3}
      propertyPath: m_LocalRotation.z
      value: 0
      objectReference: {fileID: 0}
    - target: {fileID: 4276754308636230879, guid: fed9aad16bc44d1478a1a463f0d8948e,
        type: 3}
      propertyPath: m_LocalEulerAnglesHint.x
      value: 0
      objectReference: {fileID: 0}
    - target: {fileID: 4276754308636230879, guid: fed9aad16bc44d1478a1a463f0d8948e,
        type: 3}
      propertyPath: m_LocalEulerAnglesHint.y
      value: 0
      objectReference: {fileID: 0}
    - target: {fileID: 4276754308636230879, guid: fed9aad16bc44d1478a1a463f0d8948e,
        type: 3}
      propertyPath: m_LocalEulerAnglesHint.z
      value: 0
      objectReference: {fileID: 0}
    m_RemovedComponents: []
  m_SourcePrefab: {fileID: 100100000, guid: fed9aad16bc44d1478a1a463f0d8948e, type: 3}
--- !u!4 &1368513005489453179 stripped
Transform:
  m_CorrespondingSourceObject: {fileID: 4276754308636230879, guid: fed9aad16bc44d1478a1a463f0d8948e,
    type: 3}
  m_PrefabInstance: {fileID: 3001642767296314532}
  m_PrefabAsset: {fileID: 0}
--- !u!1001 &3001642769290211840
PrefabInstance:
  m_ObjectHideFlags: 0
  serializedVersion: 2
  m_Modification:
    m_TransformParent: {fileID: 3001642768504469210}
    m_Modifications:
    - target: {fileID: 4276754308636230848, guid: fed9aad16bc44d1478a1a463f0d8948e,
        type: 3}
      propertyPath: m_Sprite
      value: 
      objectReference: {fileID: 21300000, guid: e345412a6d23949a18054b5c8e9d3397,
        type: 3}
    - target: {fileID: 4276754308636230849, guid: fed9aad16bc44d1478a1a463f0d8948e,
        type: 3}
      propertyPath: _name
      value: 10
      objectReference: {fileID: 0}
    - target: {fileID: 4276754308636230850, guid: fed9aad16bc44d1478a1a463f0d8948e,
        type: 3}
      propertyPath: m_SpriteTilingProperty.oldSize.x
      value: 15.45
      objectReference: {fileID: 0}
    - target: {fileID: 4276754308636230850, guid: fed9aad16bc44d1478a1a463f0d8948e,
        type: 3}
      propertyPath: m_SpriteTilingProperty.oldSize.y
      value: 10.49
      objectReference: {fileID: 0}
    - target: {fileID: 4276754308636230851, guid: fed9aad16bc44d1478a1a463f0d8948e,
        type: 3}
      propertyPath: m_Name
      value: Item (1)
      objectReference: {fileID: 0}
    - target: {fileID: 4276754308636230879, guid: fed9aad16bc44d1478a1a463f0d8948e,
        type: 3}
      propertyPath: m_RootOrder
      value: 2
      objectReference: {fileID: 0}
    - target: {fileID: 4276754308636230879, guid: fed9aad16bc44d1478a1a463f0d8948e,
        type: 3}
      propertyPath: m_LocalScale.x
      value: 0.036020167
      objectReference: {fileID: 0}
    - target: {fileID: 4276754308636230879, guid: fed9aad16bc44d1478a1a463f0d8948e,
        type: 3}
      propertyPath: m_LocalScale.y
      value: 0.036020167
      objectReference: {fileID: 0}
    - target: {fileID: 4276754308636230879, guid: fed9aad16bc44d1478a1a463f0d8948e,
        type: 3}
      propertyPath: m_LocalScale.z
      value: 0.036020167
      objectReference: {fileID: 0}
    - target: {fileID: 4276754308636230879, guid: fed9aad16bc44d1478a1a463f0d8948e,
        type: 3}
      propertyPath: m_LocalPosition.x
      value: 2.536
      objectReference: {fileID: 0}
    - target: {fileID: 4276754308636230879, guid: fed9aad16bc44d1478a1a463f0d8948e,
        type: 3}
      propertyPath: m_LocalPosition.y
      value: -1.763
      objectReference: {fileID: 0}
    - target: {fileID: 4276754308636230879, guid: fed9aad16bc44d1478a1a463f0d8948e,
        type: 3}
      propertyPath: m_LocalPosition.z
      value: -0.1
      objectReference: {fileID: 0}
    - target: {fileID: 4276754308636230879, guid: fed9aad16bc44d1478a1a463f0d8948e,
        type: 3}
      propertyPath: m_LocalRotation.w
      value: 1
      objectReference: {fileID: 0}
    - target: {fileID: 4276754308636230879, guid: fed9aad16bc44d1478a1a463f0d8948e,
        type: 3}
      propertyPath: m_LocalRotation.x
      value: 0
      objectReference: {fileID: 0}
    - target: {fileID: 4276754308636230879, guid: fed9aad16bc44d1478a1a463f0d8948e,
        type: 3}
      propertyPath: m_LocalRotation.y
      value: 0
      objectReference: {fileID: 0}
    - target: {fileID: 4276754308636230879, guid: fed9aad16bc44d1478a1a463f0d8948e,
        type: 3}
      propertyPath: m_LocalRotation.z
      value: 0
      objectReference: {fileID: 0}
    - target: {fileID: 4276754308636230879, guid: fed9aad16bc44d1478a1a463f0d8948e,
        type: 3}
      propertyPath: m_LocalEulerAnglesHint.x
      value: 0
      objectReference: {fileID: 0}
    - target: {fileID: 4276754308636230879, guid: fed9aad16bc44d1478a1a463f0d8948e,
        type: 3}
      propertyPath: m_LocalEulerAnglesHint.y
      value: 0
      objectReference: {fileID: 0}
    - target: {fileID: 4276754308636230879, guid: fed9aad16bc44d1478a1a463f0d8948e,
        type: 3}
      propertyPath: m_LocalEulerAnglesHint.z
      value: 0
      objectReference: {fileID: 0}
    m_RemovedComponents: []
  m_SourcePrefab: {fileID: 100100000, guid: fed9aad16bc44d1478a1a463f0d8948e, type: 3}
--- !u!4 &1368513004031440607 stripped
Transform:
  m_CorrespondingSourceObject: {fileID: 4276754308636230879, guid: fed9aad16bc44d1478a1a463f0d8948e,
    type: 3}
  m_PrefabInstance: {fileID: 3001642769290211840}
  m_PrefabAsset: {fileID: 0}
--- !u!1001 &5131134272288244355
PrefabInstance:
  m_ObjectHideFlags: 0
  serializedVersion: 2
  m_Modification:
    m_TransformParent: {fileID: 3001642768504469210}
    m_Modifications:
    - target: {fileID: 4276754308636230848, guid: fed9aad16bc44d1478a1a463f0d8948e,
        type: 3}
      propertyPath: m_Sprite
      value: 
      objectReference: {fileID: 21300000, guid: e0dfd1c5f3b924595b6e2926da97fff7,
        type: 3}
    - target: {fileID: 4276754308636230849, guid: fed9aad16bc44d1478a1a463f0d8948e,
        type: 3}
      propertyPath: _name
      value: 9
      objectReference: {fileID: 0}
    - target: {fileID: 4276754308636230850, guid: fed9aad16bc44d1478a1a463f0d8948e,
        type: 3}
      propertyPath: m_SpriteTilingProperty.oldSize.x
      value: 9.59
      objectReference: {fileID: 0}
    - target: {fileID: 4276754308636230850, guid: fed9aad16bc44d1478a1a463f0d8948e,
        type: 3}
      propertyPath: m_SpriteTilingProperty.oldSize.y
      value: 21.92
      objectReference: {fileID: 0}
    - target: {fileID: 4276754308636230851, guid: fed9aad16bc44d1478a1a463f0d8948e,
        type: 3}
      propertyPath: m_Name
      value: Item (10)
      objectReference: {fileID: 0}
    - target: {fileID: 4276754308636230851, guid: fed9aad16bc44d1478a1a463f0d8948e,
        type: 3}
      propertyPath: m_IsActive
      value: 1
      objectReference: {fileID: 0}
    - target: {fileID: 4276754308636230879, guid: fed9aad16bc44d1478a1a463f0d8948e,
        type: 3}
      propertyPath: m_RootOrder
      value: 9
      objectReference: {fileID: 0}
    - target: {fileID: 4276754308636230879, guid: fed9aad16bc44d1478a1a463f0d8948e,
        type: 3}
      propertyPath: m_LocalScale.x
      value: 0.035484947
      objectReference: {fileID: 0}
    - target: {fileID: 4276754308636230879, guid: fed9aad16bc44d1478a1a463f0d8948e,
        type: 3}
      propertyPath: m_LocalScale.y
      value: 0.03534726
      objectReference: {fileID: 0}
    - target: {fileID: 4276754308636230879, guid: fed9aad16bc44d1478a1a463f0d8948e,
        type: 3}
      propertyPath: m_LocalPosition.x
      value: -0.199
      objectReference: {fileID: 0}
    - target: {fileID: 4276754308636230879, guid: fed9aad16bc44d1478a1a463f0d8948e,
        type: 3}
      propertyPath: m_LocalPosition.y
      value: 2.355
      objectReference: {fileID: 0}
    - target: {fileID: 4276754308636230879, guid: fed9aad16bc44d1478a1a463f0d8948e,
        type: 3}
      propertyPath: m_LocalPosition.z
      value: 0
      objectReference: {fileID: 0}
    - target: {fileID: 4276754308636230879, guid: fed9aad16bc44d1478a1a463f0d8948e,
        type: 3}
      propertyPath: m_LocalRotation.w
      value: 1
      objectReference: {fileID: 0}
    - target: {fileID: 4276754308636230879, guid: fed9aad16bc44d1478a1a463f0d8948e,
        type: 3}
      propertyPath: m_LocalRotation.x
      value: 0
      objectReference: {fileID: 0}
    - target: {fileID: 4276754308636230879, guid: fed9aad16bc44d1478a1a463f0d8948e,
        type: 3}
      propertyPath: m_LocalRotation.y
      value: 0
      objectReference: {fileID: 0}
    - target: {fileID: 4276754308636230879, guid: fed9aad16bc44d1478a1a463f0d8948e,
        type: 3}
      propertyPath: m_LocalRotation.z
      value: 0
      objectReference: {fileID: 0}
    - target: {fileID: 4276754308636230879, guid: fed9aad16bc44d1478a1a463f0d8948e,
        type: 3}
      propertyPath: m_LocalEulerAnglesHint.x
      value: 0
      objectReference: {fileID: 0}
    - target: {fileID: 4276754308636230879, guid: fed9aad16bc44d1478a1a463f0d8948e,
        type: 3}
      propertyPath: m_LocalEulerAnglesHint.y
      value: 0
      objectReference: {fileID: 0}
    - target: {fileID: 4276754308636230879, guid: fed9aad16bc44d1478a1a463f0d8948e,
        type: 3}
      propertyPath: m_LocalEulerAnglesHint.z
      value: 0
      objectReference: {fileID: 0}
    m_RemovedComponents: []
  m_SourcePrefab: {fileID: 100100000, guid: fed9aad16bc44d1478a1a463f0d8948e, type: 3}
--- !u!4 &8966497589800240732 stripped
Transform:
  m_CorrespondingSourceObject: {fileID: 4276754308636230879, guid: fed9aad16bc44d1478a1a463f0d8948e,
    type: 3}
  m_PrefabInstance: {fileID: 5131134272288244355}
  m_PrefabAsset: {fileID: 0}
--- !u!1001 &6651199712065313051
PrefabInstance:
  m_ObjectHideFlags: 0
  serializedVersion: 2
  m_Modification:
    m_TransformParent: {fileID: 3001642768504469210}
    m_Modifications:
    - target: {fileID: 4276754308636230848, guid: fed9aad16bc44d1478a1a463f0d8948e,
        type: 3}
      propertyPath: m_Sprite
      value: 
      objectReference: {fileID: 21300000, guid: d53d995409c4641d4b1ff840c1e87d95,
        type: 3}
    - target: {fileID: 4276754308636230849, guid: fed9aad16bc44d1478a1a463f0d8948e,
        type: 3}
      propertyPath: _name
      value: 5
      objectReference: {fileID: 0}
    - target: {fileID: 4276754308636230850, guid: fed9aad16bc44d1478a1a463f0d8948e,
        type: 3}
      propertyPath: m_SpriteTilingProperty.oldSize.x
      value: 11.86
      objectReference: {fileID: 0}
    - target: {fileID: 4276754308636230850, guid: fed9aad16bc44d1478a1a463f0d8948e,
        type: 3}
      propertyPath: m_SpriteTilingProperty.oldSize.y
      value: 19.01
      objectReference: {fileID: 0}
    - target: {fileID: 4276754308636230851, guid: fed9aad16bc44d1478a1a463f0d8948e,
        type: 3}
      propertyPath: m_Name
      value: Item (6)
      objectReference: {fileID: 0}
    - target: {fileID: 4276754308636230851, guid: fed9aad16bc44d1478a1a463f0d8948e,
        type: 3}
      propertyPath: m_IsActive
      value: 1
      objectReference: {fileID: 0}
    - target: {fileID: 4276754308636230879, guid: fed9aad16bc44d1478a1a463f0d8948e,
        type: 3}
      propertyPath: m_RootOrder
      value: 5
      objectReference: {fileID: 0}
    - target: {fileID: 4276754308636230879, guid: fed9aad16bc44d1478a1a463f0d8948e,
        type: 3}
      propertyPath: m_LocalScale.x
      value: 0.04097961
      objectReference: {fileID: 0}
    - target: {fileID: 4276754308636230879, guid: fed9aad16bc44d1478a1a463f0d8948e,
        type: 3}
      propertyPath: m_LocalScale.y
      value: 0.042165644
      objectReference: {fileID: 0}
    - target: {fileID: 4276754308636230879, guid: fed9aad16bc44d1478a1a463f0d8948e,
        type: 3}
      propertyPath: m_LocalPosition.x
      value: 2.5682
      objectReference: {fileID: 0}
    - target: {fileID: 4276754308636230879, guid: fed9aad16bc44d1478a1a463f0d8948e,
        type: 3}
      propertyPath: m_LocalPosition.y
      value: 0.615
      objectReference: {fileID: 0}
    - target: {fileID: 4276754308636230879, guid: fed9aad16bc44d1478a1a463f0d8948e,
        type: 3}
      propertyPath: m_LocalPosition.z
      value: 0
      objectReference: {fileID: 0}
    - target: {fileID: 4276754308636230879, guid: fed9aad16bc44d1478a1a463f0d8948e,
        type: 3}
      propertyPath: m_LocalRotation.w
      value: 1
      objectReference: {fileID: 0}
    - target: {fileID: 4276754308636230879, guid: fed9aad16bc44d1478a1a463f0d8948e,
        type: 3}
      propertyPath: m_LocalRotation.x
      value: 0
      objectReference: {fileID: 0}
    - target: {fileID: 4276754308636230879, guid: fed9aad16bc44d1478a1a463f0d8948e,
        type: 3}
      propertyPath: m_LocalRotation.y
      value: 0
      objectReference: {fileID: 0}
    - target: {fileID: 4276754308636230879, guid: fed9aad16bc44d1478a1a463f0d8948e,
        type: 3}
      propertyPath: m_LocalRotation.z
      value: 0
      objectReference: {fileID: 0}
    - target: {fileID: 4276754308636230879, guid: fed9aad16bc44d1478a1a463f0d8948e,
        type: 3}
      propertyPath: m_LocalEulerAnglesHint.x
      value: 0
      objectReference: {fileID: 0}
    - target: {fileID: 4276754308636230879, guid: fed9aad16bc44d1478a1a463f0d8948e,
        type: 3}
      propertyPath: m_LocalEulerAnglesHint.y
      value: 0
      objectReference: {fileID: 0}
    - target: {fileID: 4276754308636230879, guid: fed9aad16bc44d1478a1a463f0d8948e,
        type: 3}
      propertyPath: m_LocalEulerAnglesHint.z
      value: 0
      objectReference: {fileID: 0}
    m_RemovedComponents: []
  m_SourcePrefab: {fileID: 100100000, guid: fed9aad16bc44d1478a1a463f0d8948e, type: 3}
--- !u!4 &7428647472135085508 stripped
Transform:
  m_CorrespondingSourceObject: {fileID: 4276754308636230879, guid: fed9aad16bc44d1478a1a463f0d8948e,
    type: 3}
  m_PrefabInstance: {fileID: 6651199712065313051}
  m_PrefabAsset: {fileID: 0}
--- !u!1001 &6726099873171179424
PrefabInstance:
  m_ObjectHideFlags: 0
  serializedVersion: 2
  m_Modification:
    m_TransformParent: {fileID: 3001642768504469210}
    m_Modifications:
    - target: {fileID: 4276754308636230848, guid: fed9aad16bc44d1478a1a463f0d8948e,
        type: 3}
      propertyPath: m_Sprite
      value: 
      objectReference: {fileID: 21300000, guid: 7eca66460ea1248d6973f282f7a87673,
        type: 3}
    - target: {fileID: 4276754308636230849, guid: fed9aad16bc44d1478a1a463f0d8948e,
        type: 3}
      propertyPath: _name
      value: 7
      objectReference: {fileID: 0}
    - target: {fileID: 4276754308636230850, guid: fed9aad16bc44d1478a1a463f0d8948e,
        type: 3}
      propertyPath: m_SpriteTilingProperty.oldSize.x
      value: 17.73
      objectReference: {fileID: 0}
    - target: {fileID: 4276754308636230850, guid: fed9aad16bc44d1478a1a463f0d8948e,
        type: 3}
      propertyPath: m_SpriteTilingProperty.oldSize.y
      value: 6.31
      objectReference: {fileID: 0}
    - target: {fileID: 4276754308636230851, guid: fed9aad16bc44d1478a1a463f0d8948e,
        type: 3}
      propertyPath: m_Name
      value: Item (7)
      objectReference: {fileID: 0}
    - target: {fileID: 4276754308636230851, guid: fed9aad16bc44d1478a1a463f0d8948e,
        type: 3}
      propertyPath: m_IsActive
      value: 1
      objectReference: {fileID: 0}
    - target: {fileID: 4276754308636230879, guid: fed9aad16bc44d1478a1a463f0d8948e,
        type: 3}
      propertyPath: m_RootOrder
      value: 6
      objectReference: {fileID: 0}
    - target: {fileID: 4276754308636230879, guid: fed9aad16bc44d1478a1a463f0d8948e,
        type: 3}
      propertyPath: m_LocalScale.x
      value: 0.07397268
      objectReference: {fileID: 0}
    - target: {fileID: 4276754308636230879, guid: fed9aad16bc44d1478a1a463f0d8948e,
        type: 3}
      propertyPath: m_LocalScale.y
      value: 0.07644536
      objectReference: {fileID: 0}
    - target: {fileID: 4276754308636230879, guid: fed9aad16bc44d1478a1a463f0d8948e,
        type: 3}
      propertyPath: m_LocalPosition.x
      value: -2.16
      objectReference: {fileID: 0}
    - target: {fileID: 4276754308636230879, guid: fed9aad16bc44d1478a1a463f0d8948e,
        type: 3}
      propertyPath: m_LocalPosition.y
      value: 3.957
      objectReference: {fileID: 0}
    - target: {fileID: 4276754308636230879, guid: fed9aad16bc44d1478a1a463f0d8948e,
        type: 3}
      propertyPath: m_LocalPosition.z
      value: 0
      objectReference: {fileID: 0}
    - target: {fileID: 4276754308636230879, guid: fed9aad16bc44d1478a1a463f0d8948e,
        type: 3}
      propertyPath: m_LocalRotation.w
      value: 1
      objectReference: {fileID: 0}
    - target: {fileID: 4276754308636230879, guid: fed9aad16bc44d1478a1a463f0d8948e,
        type: 3}
      propertyPath: m_LocalRotation.x
      value: 0
      objectReference: {fileID: 0}
    - target: {fileID: 4276754308636230879, guid: fed9aad16bc44d1478a1a463f0d8948e,
        type: 3}
      propertyPath: m_LocalRotation.y
      value: 0
      objectReference: {fileID: 0}
    - target: {fileID: 4276754308636230879, guid: fed9aad16bc44d1478a1a463f0d8948e,
        type: 3}
      propertyPath: m_LocalRotation.z
      value: 0
      objectReference: {fileID: 0}
    - target: {fileID: 4276754308636230879, guid: fed9aad16bc44d1478a1a463f0d8948e,
        type: 3}
      propertyPath: m_LocalEulerAnglesHint.x
      value: 0
      objectReference: {fileID: 0}
    - target: {fileID: 4276754308636230879, guid: fed9aad16bc44d1478a1a463f0d8948e,
        type: 3}
      propertyPath: m_LocalEulerAnglesHint.y
      value: 0
      objectReference: {fileID: 0}
    - target: {fileID: 4276754308636230879, guid: fed9aad16bc44d1478a1a463f0d8948e,
        type: 3}
      propertyPath: m_LocalEulerAnglesHint.z
      value: 0
      objectReference: {fileID: 0}
    m_RemovedComponents: []
  m_SourcePrefab: {fileID: 100100000, guid: fed9aad16bc44d1478a1a463f0d8948e, type: 3}
--- !u!4 &7353812289520747391 stripped
Transform:
  m_CorrespondingSourceObject: {fileID: 4276754308636230879, guid: fed9aad16bc44d1478a1a463f0d8948e,
    type: 3}
  m_PrefabInstance: {fileID: 6726099873171179424}
  m_PrefabAsset: {fileID: 0}
--- !u!1001 &6863717770337635265
PrefabInstance:
  m_ObjectHideFlags: 0
  serializedVersion: 2
  m_Modification:
    m_TransformParent: {fileID: 3001642768504469210}
    m_Modifications:
    - target: {fileID: 4276754308636230848, guid: fed9aad16bc44d1478a1a463f0d8948e,
        type: 3}
      propertyPath: m_Sprite
      value: 
      objectReference: {fileID: 21300000, guid: ae38d8aa900f8470ba0de08349cd6a08,
        type: 3}
    - target: {fileID: 4276754308636230849, guid: fed9aad16bc44d1478a1a463f0d8948e,
        type: 3}
      propertyPath: _name
      value: 8
      objectReference: {fileID: 0}
    - target: {fileID: 4276754308636230850, guid: fed9aad16bc44d1478a1a463f0d8948e,
        type: 3}
      propertyPath: m_SpriteTilingProperty.oldSize.x
      value: 15.18
      objectReference: {fileID: 0}
    - target: {fileID: 4276754308636230850, guid: fed9aad16bc44d1478a1a463f0d8948e,
        type: 3}
      propertyPath: m_SpriteTilingProperty.oldSize.y
      value: 8.97
      objectReference: {fileID: 0}
    - target: {fileID: 4276754308636230851, guid: fed9aad16bc44d1478a1a463f0d8948e,
        type: 3}
      propertyPath: m_Name
      value: Item (8)
      objectReference: {fileID: 0}
    - target: {fileID: 4276754308636230851, guid: fed9aad16bc44d1478a1a463f0d8948e,
        type: 3}
      propertyPath: m_IsActive
      value: 1
      objectReference: {fileID: 0}
    - target: {fileID: 4276754308636230879, guid: fed9aad16bc44d1478a1a463f0d8948e,
        type: 3}
      propertyPath: m_RootOrder
      value: 7
      objectReference: {fileID: 0}
    - target: {fileID: 4276754308636230879, guid: fed9aad16bc44d1478a1a463f0d8948e,
        type: 3}
      propertyPath: m_LocalScale.x
      value: 0.032687448
      objectReference: {fileID: 0}
    - target: {fileID: 4276754308636230879, guid: fed9aad16bc44d1478a1a463f0d8948e,
        type: 3}
      propertyPath: m_LocalScale.y
      value: 0.031694047
      objectReference: {fileID: 0}
    - target: {fileID: 4276754308636230879, guid: fed9aad16bc44d1478a1a463f0d8948e,
        type: 3}
      propertyPath: m_LocalPosition.x
      value: -2.121
      objectReference: {fileID: 0}
    - target: {fileID: 4276754308636230879, guid: fed9aad16bc44d1478a1a463f0d8948e,
        type: 3}
      propertyPath: m_LocalPosition.y
      value: 2.5158
      objectReference: {fileID: 0}
    - target: {fileID: 4276754308636230879, guid: fed9aad16bc44d1478a1a463f0d8948e,
        type: 3}
      propertyPath: m_LocalPosition.z
      value: 0
      objectReference: {fileID: 0}
    - target: {fileID: 4276754308636230879, guid: fed9aad16bc44d1478a1a463f0d8948e,
        type: 3}
      propertyPath: m_LocalRotation.w
      value: 1
      objectReference: {fileID: 0}
    - target: {fileID: 4276754308636230879, guid: fed9aad16bc44d1478a1a463f0d8948e,
        type: 3}
      propertyPath: m_LocalRotation.x
      value: 0
      objectReference: {fileID: 0}
    - target: {fileID: 4276754308636230879, guid: fed9aad16bc44d1478a1a463f0d8948e,
        type: 3}
      propertyPath: m_LocalRotation.y
      value: 0
      objectReference: {fileID: 0}
    - target: {fileID: 4276754308636230879, guid: fed9aad16bc44d1478a1a463f0d8948e,
        type: 3}
      propertyPath: m_LocalRotation.z
      value: 0
      objectReference: {fileID: 0}
    - target: {fileID: 4276754308636230879, guid: fed9aad16bc44d1478a1a463f0d8948e,
        type: 3}
      propertyPath: m_LocalEulerAnglesHint.x
      value: 0
      objectReference: {fileID: 0}
    - target: {fileID: 4276754308636230879, guid: fed9aad16bc44d1478a1a463f0d8948e,
        type: 3}
      propertyPath: m_LocalEulerAnglesHint.y
      value: 0
      objectReference: {fileID: 0}
    - target: {fileID: 4276754308636230879, guid: fed9aad16bc44d1478a1a463f0d8948e,
        type: 3}
      propertyPath: m_LocalEulerAnglesHint.z
      value: 0
      objectReference: {fileID: 0}
    m_RemovedComponents: []
  m_SourcePrefab: {fileID: 100100000, guid: fed9aad16bc44d1478a1a463f0d8948e, type: 3}
--- !u!4 &7213297175523004190 stripped
Transform:
  m_CorrespondingSourceObject: {fileID: 4276754308636230879, guid: fed9aad16bc44d1478a1a463f0d8948e,
    type: 3}
  m_PrefabInstance: {fileID: 6863717770337635265}
  m_PrefabAsset: {fileID: 0}
--- !u!1001 &8095296951940701796
PrefabInstance:
  m_ObjectHideFlags: 0
  serializedVersion: 2
  m_Modification:
    m_TransformParent: {fileID: 3001642768504469210}
    m_Modifications:
    - target: {fileID: 4276754308636230848, guid: fed9aad16bc44d1478a1a463f0d8948e,
        type: 3}
      propertyPath: m_Sprite
      value: 
      objectReference: {fileID: 21300000, guid: 7d0a637bb2e1844b495e65b63765968a,
        type: 3}
    - target: {fileID: 4276754308636230849, guid: fed9aad16bc44d1478a1a463f0d8948e,
        type: 3}
      propertyPath: _name
      value: 1
      objectReference: {fileID: 0}
    - target: {fileID: 4276754308636230850, guid: fed9aad16bc44d1478a1a463f0d8948e,
        type: 3}
      propertyPath: m_SpriteTilingProperty.oldSize.x
      value: 15.46
      objectReference: {fileID: 0}
    - target: {fileID: 4276754308636230850, guid: fed9aad16bc44d1478a1a463f0d8948e,
        type: 3}
      propertyPath: m_SpriteTilingProperty.oldSize.y
      value: 14.3
      objectReference: {fileID: 0}
    - target: {fileID: 4276754308636230851, guid: fed9aad16bc44d1478a1a463f0d8948e,
        type: 3}
      propertyPath: m_Name
      value: Item (2)
      objectReference: {fileID: 0}
    - target: {fileID: 4276754308636230879, guid: fed9aad16bc44d1478a1a463f0d8948e,
        type: 3}
      propertyPath: m_RootOrder
      value: 3
      objectReference: {fileID: 0}
    - target: {fileID: 4276754308636230879, guid: fed9aad16bc44d1478a1a463f0d8948e,
        type: 3}
      propertyPath: m_LocalScale.x
      value: 0.03670242
      objectReference: {fileID: 0}
    - target: {fileID: 4276754308636230879, guid: fed9aad16bc44d1478a1a463f0d8948e,
        type: 3}
      propertyPath: m_LocalScale.y
      value: 0.036146298
      objectReference: {fileID: 0}
    - target: {fileID: 4276754308636230879, guid: fed9aad16bc44d1478a1a463f0d8948e,
        type: 3}
      propertyPath: m_LocalPosition.x
      value: 0.7532
      objectReference: {fileID: 0}
    - target: {fileID: 4276754308636230879, guid: fed9aad16bc44d1478a1a463f0d8948e,
        type: 3}
      propertyPath: m_LocalPosition.y
      value: 4.51
      objectReference: {fileID: 0}
    - target: {fileID: 4276754308636230879, guid: fed9aad16bc44d1478a1a463f0d8948e,
        type: 3}
      propertyPath: m_LocalPosition.z
      value: 0
      objectReference: {fileID: 0}
    - target: {fileID: 4276754308636230879, guid: fed9aad16bc44d1478a1a463f0d8948e,
        type: 3}
      propertyPath: m_LocalRotation.w
      value: 1
      objectReference: {fileID: 0}
    - target: {fileID: 4276754308636230879, guid: fed9aad16bc44d1478a1a463f0d8948e,
        type: 3}
      propertyPath: m_LocalRotation.x
      value: 0
      objectReference: {fileID: 0}
    - target: {fileID: 4276754308636230879, guid: fed9aad16bc44d1478a1a463f0d8948e,
        type: 3}
      propertyPath: m_LocalRotation.y
      value: 0
      objectReference: {fileID: 0}
    - target: {fileID: 4276754308636230879, guid: fed9aad16bc44d1478a1a463f0d8948e,
        type: 3}
      propertyPath: m_LocalRotation.z
      value: 0
      objectReference: {fileID: 0}
    - target: {fileID: 4276754308636230879, guid: fed9aad16bc44d1478a1a463f0d8948e,
        type: 3}
      propertyPath: m_LocalEulerAnglesHint.x
      value: 0
      objectReference: {fileID: 0}
    - target: {fileID: 4276754308636230879, guid: fed9aad16bc44d1478a1a463f0d8948e,
        type: 3}
      propertyPath: m_LocalEulerAnglesHint.y
      value: 0
      objectReference: {fileID: 0}
    - target: {fileID: 4276754308636230879, guid: fed9aad16bc44d1478a1a463f0d8948e,
        type: 3}
      propertyPath: m_LocalEulerAnglesHint.z
      value: 0
      objectReference: {fileID: 0}
    m_RemovedComponents: []
  m_SourcePrefab: {fileID: 100100000, guid: fed9aad16bc44d1478a1a463f0d8948e, type: 3}
--- !u!4 &5404971346584672955 stripped
Transform:
  m_CorrespondingSourceObject: {fileID: 4276754308636230879, guid: fed9aad16bc44d1478a1a463f0d8948e,
    type: 3}
  m_PrefabInstance: {fileID: 8095296951940701796}
  m_PrefabAsset: {fileID: 0}
--- !u!1001 &8827535540386645604
PrefabInstance:
  m_ObjectHideFlags: 0
  serializedVersion: 2
  m_Modification:
    m_TransformParent: {fileID: 3001642768504469210}
    m_Modifications:
    - target: {fileID: 4276754308636230848, guid: fed9aad16bc44d1478a1a463f0d8948e,
        type: 3}
      propertyPath: m_Sprite
      value: 
      objectReference: {fileID: 21300000, guid: 3d3c3c25c100b412ea4043b742f2dc32,
        type: 3}
    - target: {fileID: 4276754308636230849, guid: fed9aad16bc44d1478a1a463f0d8948e,
        type: 3}
      propertyPath: _name
      value: 4
      objectReference: {fileID: 0}
    - target: {fileID: 4276754308636230850, guid: fed9aad16bc44d1478a1a463f0d8948e,
        type: 3}
      propertyPath: m_SpriteTilingProperty.oldSize.x
      value: 11.53
      objectReference: {fileID: 0}
    - target: {fileID: 4276754308636230850, guid: fed9aad16bc44d1478a1a463f0d8948e,
        type: 3}
      propertyPath: m_SpriteTilingProperty.oldSize.y
      value: 9.01
      objectReference: {fileID: 0}
    - target: {fileID: 4276754308636230851, guid: fed9aad16bc44d1478a1a463f0d8948e,
        type: 3}
      propertyPath: m_Name
      value: Item (9)
      objectReference: {fileID: 0}
    - target: {fileID: 4276754308636230851, guid: fed9aad16bc44d1478a1a463f0d8948e,
        type: 3}
      propertyPath: m_IsActive
      value: 1
      objectReference: {fileID: 0}
    - target: {fileID: 4276754308636230879, guid: fed9aad16bc44d1478a1a463f0d8948e,
        type: 3}
      propertyPath: m_RootOrder
      value: 8
      objectReference: {fileID: 0}
    - target: {fileID: 4276754308636230879, guid: fed9aad16bc44d1478a1a463f0d8948e,
        type: 3}
      propertyPath: m_LocalScale.x
      value: 0.03329469
      objectReference: {fileID: 0}
    - target: {fileID: 4276754308636230879, guid: fed9aad16bc44d1478a1a463f0d8948e,
        type: 3}
      propertyPath: m_LocalScale.y
      value: 0.032471437
      objectReference: {fileID: 0}
    - target: {fileID: 4276754308636230879, guid: fed9aad16bc44d1478a1a463f0d8948e,
        type: 3}
      propertyPath: m_LocalPosition.x
      value: -1.2525
      objectReference: {fileID: 0}
    - target: {fileID: 4276754308636230879, guid: fed9aad16bc44d1478a1a463f0d8948e,
        type: 3}
      propertyPath: m_LocalPosition.y
      value: 1.5735
      objectReference: {fileID: 0}
    - target: {fileID: 4276754308636230879, guid: fed9aad16bc44d1478a1a463f0d8948e,
        type: 3}
      propertyPath: m_LocalPosition.z
      value: 0
      objectReference: {fileID: 0}
    - target: {fileID: 4276754308636230879, guid: fed9aad16bc44d1478a1a463f0d8948e,
        type: 3}
      propertyPath: m_LocalRotation.w
      value: 1
      objectReference: {fileID: 0}
    - target: {fileID: 4276754308636230879, guid: fed9aad16bc44d1478a1a463f0d8948e,
        type: 3}
      propertyPath: m_LocalRotation.x
      value: 0
      objectReference: {fileID: 0}
    - target: {fileID: 4276754308636230879, guid: fed9aad16bc44d1478a1a463f0d8948e,
        type: 3}
      propertyPath: m_LocalRotation.y
      value: 0
      objectReference: {fileID: 0}
    - target: {fileID: 4276754308636230879, guid: fed9aad16bc44d1478a1a463f0d8948e,
        type: 3}
      propertyPath: m_LocalRotation.z
      value: 0
      objectReference: {fileID: 0}
    - target: {fileID: 4276754308636230879, guid: fed9aad16bc44d1478a1a463f0d8948e,
        type: 3}
      propertyPath: m_LocalEulerAnglesHint.x
      value: 0
      objectReference: {fileID: 0}
    - target: {fileID: 4276754308636230879, guid: fed9aad16bc44d1478a1a463f0d8948e,
        type: 3}
      propertyPath: m_LocalEulerAnglesHint.y
      value: 0
      objectReference: {fileID: 0}
    - target: {fileID: 4276754308636230879, guid: fed9aad16bc44d1478a1a463f0d8948e,
        type: 3}
      propertyPath: m_LocalEulerAnglesHint.z
      value: 0
      objectReference: {fileID: 0}
    m_RemovedComponents: []
  m_SourcePrefab: {fileID: 100100000, guid: fed9aad16bc44d1478a1a463f0d8948e, type: 3}
--- !u!4 &4745564408896520891 stripped
Transform:
  m_CorrespondingSourceObject: {fileID: 4276754308636230879, guid: fed9aad16bc44d1478a1a463f0d8948e,
    type: 3}
  m_PrefabInstance: {fileID: 8827535540386645604}
  m_PrefabAsset: {fileID: 0}
