%YAML 1.1
%TAG !u! tag:unity3d.com,2011:
--- !u!1 &2342996032770041481
GameObject:
  m_ObjectHideFlags: 0
  m_CorrespondingSourceObject: {fileID: 0}
  m_PrefabInstance: {fileID: 0}
  m_PrefabAsset: {fileID: 0}
  serializedVersion: 6
  m_Component:
  - component: {fileID: 2342996032770041474}
  - component: {fileID: 2342996032770041477}
  - component: {fileID: 2342996032770041476}
  - component: {fileID: 2342996032770041479}
  - component: {fileID: 2342996032770041478}
  - component: {fileID: 2342996032770041475}
  m_Layer: 0
  m_Name: Player 1
  m_TagString: Untagged
  m_Icon: {fileID: 0}
  m_NavMeshLayer: 0
  m_StaticEditorFlags: 0
  m_IsActive: 1
--- !u!4 &2342996032770041474
Transform:
  m_ObjectHideFlags: 0
  m_CorrespondingSourceObject: {fileID: 0}
  m_PrefabInstance: {fileID: 0}
  m_PrefabAsset: {fileID: 0}
  m_GameObject: {fileID: 2342996032770041481}
  m_LocalRotation: {x: 0, y: 0, z: 0, w: 1}
  m_LocalPosition: {x: -0.07, y: 2.7, z: 0.04}
  m_LocalScale: {x: 1, y: 1, z: 1}
  m_Children:
  - {fileID: 7516741378749738798}
  - {fileID: 7516741378692865231}
  m_Father: {fileID: 0}
  m_RootOrder: 0
  m_LocalEulerAnglesHint: {x: 0, y: 0, z: 0}
--- !u!136 &2342996032770041477
CapsuleCollider:
  m_ObjectHideFlags: 0
  m_CorrespondingSourceObject: {fileID: 0}
  m_PrefabInstance: {fileID: 0}
  m_PrefabAsset: {fileID: 0}
  m_GameObject: {fileID: 2342996032770041481}
  m_Material: {fileID: 0}
  m_IsTrigger: 0
  m_Enabled: 1
  m_Radius: 0.5
  m_Height: 3.0208125
  m_Direction: 1
  m_Center: {x: 0, y: -0.09644103, z: 0}
--- !u!54 &2342996032770041476
Rigidbody:
  m_ObjectHideFlags: 0
  m_CorrespondingSourceObject: {fileID: 0}
  m_PrefabInstance: {fileID: 0}
  m_PrefabAsset: {fileID: 0}
  m_GameObject: {fileID: 2342996032770041481}
  serializedVersion: 2
  m_Mass: 1
  m_Drag: 0
  m_AngularDrag: 0.05
  m_UseGravity: 0
  m_IsKinematic: 0
  m_Interpolate: 0
  m_Constraints: 0
  m_CollisionDetection: 0
--- !u!114 &2342996032770041479
MonoBehaviour:
  m_ObjectHideFlags: 0
  m_CorrespondingSourceObject: {fileID: 0}
  m_PrefabInstance: {fileID: 0}
  m_PrefabAsset: {fileID: 0}
  m_GameObject: {fileID: 2342996032770041481}
  m_Enabled: 1
  m_EditorHideFlags: 0
  m_Script: {fileID: 11500000, guid: 27945ee4684844647b187b650c8b967d, type: 3}
  m_Name: 
  m_EditorClassIdentifier: 
  _speed: 5
  _inputHandler: {fileID: 2342996032770041478}
  _roadWidth: 5
  _animation: {fileID: 2342996032770041475}
  text: {fileID: 5298739396539321579, guid: 6d3f79b2f144dad4f9ef0b52a9b21226, type: 3}
--- !u!114 &2342996032770041478
MonoBehaviour:
  m_ObjectHideFlags: 0
  m_CorrespondingSourceObject: {fileID: 0}
  m_PrefabInstance: {fileID: 0}
  m_PrefabAsset: {fileID: 0}
  m_GameObject: {fileID: 2342996032770041481}
  m_Enabled: 1
  m_EditorHideFlags: 0
  m_Script: {fileID: 11500000, guid: 53cf0f34036cbf9439e22d13071ef0f3, type: 3}
  m_Name: 
  m_EditorClassIdentifier: 
--- !u!114 &2342996032770041475
MonoBehaviour:
  m_ObjectHideFlags: 0
  m_CorrespondingSourceObject: {fileID: 0}
  m_PrefabInstance: {fileID: 0}
  m_PrefabAsset: {fileID: 0}
  m_GameObject: {fileID: 2342996032770041481}
  m_Enabled: 1
  m_EditorHideFlags: 0
  m_Script: {fileID: 11500000, guid: 1ad74bf3a3fd94849af7829f9d4b25aa, type: 3}
  m_Name: 
  m_EditorClassIdentifier: 
  _animator: {fileID: 7516741378699768425}
--- !u!1 &7516741378749738795
GameObject:
  m_ObjectHideFlags: 0
  m_CorrespondingSourceObject: {fileID: 0}
  m_PrefabInstance: {fileID: 0}
  m_PrefabAsset: {fileID: 0}
  serializedVersion: 6
  m_Component:
  - component: {fileID: 7516741378749738798}
  - component: {fileID: 7516741378749738793}
  - component: {fileID: 7516741378749738792}
  - component: {fileID: 7516741378139449517}
  m_Layer: 0
  m_Name: Main Camera
  m_TagString: MainCamera
  m_Icon: {fileID: 0}
  m_NavMeshLayer: 0
  m_StaticEditorFlags: 0
  m_IsActive: 1
--- !u!4 &7516741378749738798
Transform:
  m_ObjectHideFlags: 0
  m_CorrespondingSourceObject: {fileID: 0}
  m_PrefabInstance: {fileID: 0}
  m_PrefabAsset: {fileID: 0}
  m_GameObject: {fileID: 7516741378749738795}
  m_LocalRotation: {x: 0.14964397, y: -0, z: -0, w: 0.98874}
  m_LocalPosition: {x: 0.07, y: 4.42, z: -8.68}
  m_LocalScale: {x: 1, y: 1, z: 1}
  m_Children: []
  m_Father: {fileID: 2342996032770041474}
  m_RootOrder: 0
  m_LocalEulerAnglesHint: {x: 17.213001, y: 0, z: 0}
--- !u!20 &7516741378749738793
Camera:
  m_ObjectHideFlags: 0
  m_CorrespondingSourceObject: {fileID: 0}
  m_PrefabInstance: {fileID: 0}
  m_PrefabAsset: {fileID: 0}
  m_GameObject: {fileID: 7516741378749738795}
  m_Enabled: 1
  serializedVersion: 2
  m_ClearFlags: 2
  m_BackGroundColor: {r: 0.29636884, g: 0.5660378, b: 0.49338675, a: 0}
  m_projectionMatrixMode: 1
  m_GateFitMode: 2
  m_FOVAxisMode: 0
  m_SensorSize: {x: 36, y: 24}
  m_LensShift: {x: 0, y: 0}
  m_FocalLength: 50
  m_NormalizedViewPortRect:
    serializedVersion: 2
    x: 0
    y: 0
    width: 1
    height: 1
  near clip plane: 0.3
  far clip plane: 1000
  field of view: 60
  orthographic: 0
  orthographic size: 5
  m_Depth: -1
  m_CullingMask:
    serializedVersion: 2
    m_Bits: 4294967295
  m_RenderingPath: -1
  m_TargetTexture: {fileID: 0}
  m_TargetDisplay: 0
  m_TargetEye: 3
  m_HDR: 1
  m_AllowMSAA: 1
  m_AllowDynamicResolution: 0
  m_ForceIntoRT: 0
  m_OcclusionCulling: 1
  m_StereoConvergence: 10
  m_StereoSeparation: 0.022
--- !u!81 &7516741378749738792
AudioListener:
  m_ObjectHideFlags: 0
  m_CorrespondingSourceObject: {fileID: 0}
  m_PrefabInstance: {fileID: 0}
  m_PrefabAsset: {fileID: 0}
  m_GameObject: {fileID: 7516741378749738795}
  m_Enabled: 0
--- !u!45 &7516741378139449517
Skybox:
  m_ObjectHideFlags: 0
  m_CorrespondingSourceObject: {fileID: 0}
  m_PrefabInstance: {fileID: 0}
  m_PrefabAsset: {fileID: 0}
  m_GameObject: {fileID: 7516741378749738795}
  m_Enabled: 1
  m_CustomSkybox: {fileID: 0}
--- !u!1001 &7516741378692466441
PrefabInstance:
  m_ObjectHideFlags: 0
  serializedVersion: 2
  m_Modification:
    m_TransformParent: {fileID: 2342996032770041474}
    m_Modifications:
    - target: {fileID: 100326, guid: 8f0565f23a2b58541a475bd3c1393052, type: 3}
      propertyPath: m_Name
      value: Player
      objectReference: {fileID: 0}
    - target: {fileID: 400326, guid: 8f0565f23a2b58541a475bd3c1393052, type: 3}
      propertyPath: m_RootOrder
      value: 1
      objectReference: {fileID: 0}
    - target: {fileID: 400326, guid: 8f0565f23a2b58541a475bd3c1393052, type: 3}
      propertyPath: m_LocalPosition.x
      value: 0.07
      objectReference: {fileID: 0}
    - target: {fileID: 400326, guid: 8f0565f23a2b58541a475bd3c1393052, type: 3}
      propertyPath: m_LocalPosition.y
      value: -1.71
      objectReference: {fileID: 0}
    - target: {fileID: 400326, guid: 8f0565f23a2b58541a475bd3c1393052, type: 3}
      propertyPath: m_LocalPosition.z
      value: -0.04
      objectReference: {fileID: 0}
    - target: {fileID: 400326, guid: 8f0565f23a2b58541a475bd3c1393052, type: 3}
      propertyPath: m_LocalRotation.w
      value: 1
      objectReference: {fileID: 0}
    - target: {fileID: 400326, guid: 8f0565f23a2b58541a475bd3c1393052, type: 3}
      propertyPath: m_LocalRotation.x
      value: -0
      objectReference: {fileID: 0}
    - target: {fileID: 400326, guid: 8f0565f23a2b58541a475bd3c1393052, type: 3}
      propertyPath: m_LocalRotation.y
      value: -0
      objectReference: {fileID: 0}
    - target: {fileID: 400326, guid: 8f0565f23a2b58541a475bd3c1393052, type: 3}
      propertyPath: m_LocalRotation.z
      value: -0
      objectReference: {fileID: 0}
    - target: {fileID: 400326, guid: 8f0565f23a2b58541a475bd3c1393052, type: 3}
      propertyPath: m_LocalEulerAnglesHint.x
      value: 0
      objectReference: {fileID: 0}
    - target: {fileID: 400326, guid: 8f0565f23a2b58541a475bd3c1393052, type: 3}
      propertyPath: m_LocalEulerAnglesHint.y
      value: 0
      objectReference: {fileID: 0}
    - target: {fileID: 400326, guid: 8f0565f23a2b58541a475bd3c1393052, type: 3}
      propertyPath: m_LocalEulerAnglesHint.z
      value: 0
      objectReference: {fileID: 0}
    - target: {fileID: 9500000, guid: 8f0565f23a2b58541a475bd3c1393052, type: 3}
      propertyPath: m_Controller
      value: 
      objectReference: {fileID: 9100000, guid: 9f663ec98114095449ef234b826a10f1, type: 2}
    - target: {fileID: 13700000, guid: 8f0565f23a2b58541a475bd3c1393052, type: 3}
      propertyPath: m_DirtyAABB
      value: 0
      objectReference: {fileID: 0}
    - target: {fileID: 13700000, guid: 8f0565f23a2b58541a475bd3c1393052, type: 3}
      propertyPath: m_AABB.m_Center.y
      value: 1.380296
      objectReference: {fileID: 0}
    - target: {fileID: 13700000, guid: 8f0565f23a2b58541a475bd3c1393052, type: 3}
      propertyPath: m_AABB.m_Center.z
      value: 0.075430006
      objectReference: {fileID: 0}
    - target: {fileID: 13700000, guid: 8f0565f23a2b58541a475bd3c1393052, type: 3}
      propertyPath: m_AABB.m_Extent.x
      value: 0.05102
      objectReference: {fileID: 0}
    - target: {fileID: 13700000, guid: 8f0565f23a2b58541a475bd3c1393052, type: 3}
      propertyPath: m_AABB.m_Extent.y
      value: 0.012729228
      objectReference: {fileID: 0}
    - target: {fileID: 13700000, guid: 8f0565f23a2b58541a475bd3c1393052, type: 3}
      propertyPath: m_AABB.m_Extent.z
      value: 0.006349992
      objectReference: {fileID: 0}
    - target: {fileID: 13700006, guid: 8f0565f23a2b58541a475bd3c1393052, type: 3}
      propertyPath: m_DirtyAABB
      value: 0
      objectReference: {fileID: 0}
    - target: {fileID: 13700006, guid: 8f0565f23a2b58541a475bd3c1393052, type: 3}
      propertyPath: m_AABB.m_Center.y
      value: 1.3495715
      objectReference: {fileID: 0}
    - target: {fileID: 13700006, guid: 8f0565f23a2b58541a475bd3c1393052, type: 3}
      propertyPath: m_AABB.m_Center.z
      value: 0.06277
      objectReference: {fileID: 0}
    - target: {fileID: 13700006, guid: 8f0565f23a2b58541a475bd3c1393052, type: 3}
      propertyPath: m_AABB.m_Extent.x
      value: 0.071504995
      objectReference: {fileID: 0}
    - target: {fileID: 13700006, guid: 8f0565f23a2b58541a475bd3c1393052, type: 3}
      propertyPath: m_AABB.m_Extent.y
      value: 0.023665488
      objectReference: {fileID: 0}
    - target: {fileID: 13700006, guid: 8f0565f23a2b58541a475bd3c1393052, type: 3}
      propertyPath: m_AABB.m_Extent.z
      value: 0.011460001
      objectReference: {fileID: 0}
    - target: {fileID: 13700008, guid: 8f0565f23a2b58541a475bd3c1393052, type: 3}
      propertyPath: m_DirtyAABB
      value: 0
      objectReference: {fileID: 0}
    - target: {fileID: 13700008, guid: 8f0565f23a2b58541a475bd3c1393052, type: 3}
      propertyPath: m_AABB.m_Center.y
      value: 1.3556354
      objectReference: {fileID: 0}
    - target: {fileID: 13700008, guid: 8f0565f23a2b58541a475bd3c1393052, type: 3}
      propertyPath: m_AABB.m_Center.z
      value: 0.0608415
      objectReference: {fileID: 0}
    - target: {fileID: 13700008, guid: 8f0565f23a2b58541a475bd3c1393052, type: 3}
      propertyPath: m_AABB.m_Extent.x
      value: 0.076811
      objectReference: {fileID: 0}
    - target: {fileID: 13700008, guid: 8f0565f23a2b58541a475bd3c1393052, type: 3}
      propertyPath: m_AABB.m_Extent.y
      value: 0.041534483
      objectReference: {fileID: 0}
    - target: {fileID: 13700008, guid: 8f0565f23a2b58541a475bd3c1393052, type: 3}
      propertyPath: m_AABB.m_Extent.z
      value: 0.020959504
      objectReference: {fileID: 0}
    - target: {fileID: 13700020, guid: 8f0565f23a2b58541a475bd3c1393052, type: 3}
      propertyPath: m_DirtyAABB
      value: 0
      objectReference: {fileID: 0}
    - target: {fileID: 13700020, guid: 8f0565f23a2b58541a475bd3c1393052, type: 3}
      propertyPath: m_AABB.m_Center.y
      value: 1.3662745
      objectReference: {fileID: 0}
    - target: {fileID: 13700020, guid: 8f0565f23a2b58541a475bd3c1393052, type: 3}
      propertyPath: m_AABB.m_Center.z
      value: 0.0315425
      objectReference: {fileID: 0}
    - target: {fileID: 13700020, guid: 8f0565f23a2b58541a475bd3c1393052, type: 3}
      propertyPath: m_AABB.m_Extent.x
      value: 0.078469
      objectReference: {fileID: 0}
    - target: {fileID: 13700020, guid: 8f0565f23a2b58541a475bd3c1393052, type: 3}
      propertyPath: m_AABB.m_Extent.y
      value: 0.106027484
      objectReference: {fileID: 0}
    - target: {fileID: 13700020, guid: 8f0565f23a2b58541a475bd3c1393052, type: 3}
      propertyPath: m_AABB.m_Extent.z
      value: 0.0553375
      objectReference: {fileID: 0}
    m_RemovedComponents: []
  m_SourcePrefab: {fileID: 100100000, guid: 8f0565f23a2b58541a475bd3c1393052, type: 3}
--- !u!4 &7516741378692865231 stripped
Transform:
  m_CorrespondingSourceObject: {fileID: 400326, guid: 8f0565f23a2b58541a475bd3c1393052,
    type: 3}
  m_PrefabInstance: {fileID: 7516741378692466441}
  m_PrefabAsset: {fileID: 0}
--- !u!95 &7516741378699768425 stripped
Animator:
  m_CorrespondingSourceObject: {fileID: 9500000, guid: 8f0565f23a2b58541a475bd3c1393052,
    type: 3}
  m_PrefabInstance: {fileID: 7516741378692466441}
  m_PrefabAsset: {fileID: 0}
